<?xml version="1.0" encoding="UTF-8"?><record xmlns="http://www.loc.gov/MARC21/slim" xmlns:cinclude="http://apache.org/cocoon/include/1.0" xmlns:zs="http://www.loc.gov/zing/srw/">
  <leader>00375cz  a2200121n  4500</leader>
  <controlfield tag="001">n  86050704 </controlfield>
  <controlfield tag="003">DLC</controlfield>
  <controlfield tag="005">19900908062658.1</controlfield>
  <controlfield tag="008">870706n| acannaab|          |n aaa      </controlfield>
  <datafield tag="010" ind1=" " ind2=" ">
    <subfield code="a">n  86050704 </subfield>
  </datafield>
  <datafield tag="040" ind1=" " ind2=" ">
    <subfield code="a">DLC</subfield>
    <subfield code="c">DLC</subfield>
    <subfield code="d">DLC-R</subfield>
  </datafield>
  <datafield tag="100" ind1="1" ind2="0">
    <subfield code="a">Arber, Sara,</subfield>
    <subfield code="d">1949-</subfield>
  </datafield>
  <datafield tag="670" ind1=" " ind2=" ">
    <subfield code="a">Dale, A. Doing secondary analysis, 1988:</subfield>
    <subfield code="b">CIP t.p. (Sara L. Arber) data sheet (b. 3/19/49) bk. t.p. (Sara Arber)</subfield>
  </datafield>
</record>